

@article{Liu2016,
	author    = {Li Liu and Songyang Lao and Paul W. Fieguth and Yulan Guo and Xiaogang Wang and Matti Pietikäinen},
	title     = {Median Robust Extended Local Binary Pattern for Texture Classification},
	journal   = {IEEE Transactions on Image Processing},
	year      = {2016}
}

@article{Liu2017,
	author    = {Li Liu and Songyang Lao and Paul W. Fieguth and Yulan Guo and Xiaogang Wang and Matti Pietikäinen},
	title     = {Local binary features for texture classification: Taxonomy and experimental study},
	journal   = {Pattern Recognition},
	volume    = {62},
	year      = {2017}
}

@misc{AIMARKET,
	author    = {Benjamin Stratton},
	title     = {AI Industry Growth Statistics: Exploring Key Metrics Driving Growth of AI (updated for 2025)},
	year      = {2025},
	howpublished = {\url{https://bluetree.digital/ai-industry-growth-metrics}}
}

@misc{mckinsey,
	title     = {The state of AI in 2022—and a half decade in review},
	year      = {2022},
	howpublished = {\url{https://www.mckinsey.com/capabilities/quantumblack/our-insights/the-state-of-ai-in-2022-and-a-half-decade-in-review}}
}

@misc{aiaccelerator,
	title     = {AI Accelerator Market Size, Share \& Trends Analysis Report By AI Accelerator Types (GPUs, TPUs), By Technology Integration, By End-use (IT \& Telecom, Automotive), By Region, And Segment Forecasts, 2024 - 2030},
	year      = {2023},
	howpublished = {\url{https://www.grandviewresearch.com/industry-analysis/ai-accelerator-market-report}}
}

@misc{apriorit,
	title     = {FPGAs for Artificial Intelligence: Possibilities, Pros, and Cons},
	year      = {2018},
	howpublished = {\url{https://www.apriorit.com/dev-blog/586-fpgas-for-ai}}
}

@inproceedings{featureImgprocessing,
	author    = {Gaurav Kumar and Pradeep Kumar Bhatia},
	title     = {A Detailed Review of Feature Extraction in Image Processing Systems},
	booktitle = {2014 Fourth International Conference on Advanced Computing \& Communication Technologies},
	year      = {2014}
}

@inproceedings{medicalImage,
	author    = {April Khademi and Sridhar Krishnan},
	title     = {Medical image texture analysis: A case study with small bowel, retinal and mammogram images},
	booktitle = {2008 Canadian Conference on Electrical and Computer Engineering},
	year      = {2008}
}

@inproceedings{textureBasedTechniques,
	author    = {Rodrigo da Silva Ferreira and Andrea Britto Mattos and Emilio Vital Brazil and Renato Cerqueira and Marco Ferraz and Sérgio Cersosimo},
	title     = {Multi-scale Evaluation of Texture Features for Salt Dome Detection},
	booktitle = {2016 IEEE International Symposium on Multimedia (ISM)},
	year      = {2016}
}

@inproceedings{smartFarming,
	author    = {Monika Jhuria and Ashwani Kumar and Rushikesh Borse},
	title     = {Image processing for smart farming: Detection of disease and fruit grading},
	booktitle = {2013 IEEE Second International Conference on Image Information Processing (ICIIP-2013)},
	year      = {2013}
}

@article{analyticOfTexture,
	author    = {Mohammad Reza Keyvanpour and Shokofeh Vahidiansadegh and Zahra Mirzakhani},
	title     = {An analytical review of texture feature extraction approaches},
	journal   = {International Journal of Computer Applications in Technology},
	year      = {2021}
}

@inproceedings{firstLBP,
	author    = {T. Ojala and M. Pietikäinen and D. Harwood},
	title     = {Performance evaluation of texture measures with classification based on Kullback discrimination of distributions},
	booktitle = {Proceedings of the 12th IAPR International Conference on Pattern Recognition},
	year      = {1994}
}

@article{polarograms,
	author    = {Larry S. Davis},
	title     = {Polarograms: A new tool for image texture analysis},
	journal   = {Pattern Recognition},
	volume    = {13},
	number    = {3},
	pages     = {219--223},
	year      = {1981}
}

@article{Ojala,
	author    = {T. Ojala and M. Pietikainen and T. Maenpaa},
	title     = {Multiresolution gray-scale and rotation invariant texture classification with local binary patterns},
	journal   = {IEEE Transactions on Pattern Analysis and Machine Intelligence},
	volume    = {24},
	number    = {7},
	year      = {2002}
}

@article{lbpVariantSurvey,
	author    = {Di Huang and Caifeng Shan and Mohsen Ardabilian and Yunhong Wang and Liming Chen},
	title     = {Local Binary Patterns and Its Application to Facial Image Analysis: A Survey},
	journal   = {IEEE Transactions on Systems, Man, and Cybernetics, Part C (Applications and Reviews)},
	volume    = {41},
	number    = {6},
	year      = {2011}
}

@inproceedings{realTimeTexture,
	author    = {Yanjun Zhang and Mengnan Wang},
	title     = {Real-Time Texture Extraction Based on the Improved Median Robust Extended Local Binary Pattern},
	booktitle = {ICCPR 2020: 2020 9th International Conference on Computing and Pattern Recognition},
	year      = {2020}
}

@article{rasheed2017,
	author    = {Rasheed, A.H.},
	title     = {FPGA-based optimized systolic design for median filtering algorithms},
	journal   = {International Journal of Applied Engineering Research},
	volume    = {12},
	number    = {24},
	pages     = {16100--16113},
	year      = {2017}
}
